<record><leader>00000cas a2200000 a 4500</leader><controlfield tag="001">2261871</controlfield><controlfield tag="007">cr |||||||||||</controlfield><controlfield tag="008">760620c19709999paudn ne      0   a0eng d</controlfield><datafield ind1=" " ind2=" " tag="010"><subfield code="a">sn 82004638 </subfield></datafield><datafield ind1=" " ind2=" " tag="040"><subfield code="a">PIT</subfield><subfield code="b">eng</subfield><subfield code="c">PIT</subfield><subfield code="d">NSD</subfield><subfield code="d">NPH</subfield><subfield code="d">NSD</subfield><subfield code="d">OCL</subfield><subfield code="d">NPH</subfield><subfield code="d">OCL</subfield><subfield code="d">OCLCQ</subfield><subfield code="d">CUS</subfield><subfield code="d">OCLCQ</subfield><subfield code="d">OCLCA</subfield><subfield code="d">OCLCF</subfield></datafield><datafield ind1=" " ind2=" " tag="012"><subfield code="m">1</subfield></datafield><datafield ind1=" " ind2=" " tag="019"><subfield code="a">14816092</subfield></datafield><datafield ind1="1" ind2=" " tag="022"><subfield code="a">0744-7302</subfield><subfield code="l">0744-7302</subfield><subfield code="2">1</subfield></datafield><datafield ind1="1" ind2=" " tag="029"><subfield code="a">AU@</subfield><subfield code="b">000020478206</subfield></datafield><datafield ind1="1" ind2=" " tag="029"><subfield code="a">NZ1</subfield><subfield code="b">16053211</subfield></datafield><datafield ind1=" " ind2=" " tag="032"><subfield code="a">491920</subfield><subfield code="b">USPS</subfield></datafield><datafield ind1=" " ind2=" " tag="037"><subfield code="b">The Herald, P.O. Box 51, Sharon, Pa. 16146</subfield></datafield><datafield ind1=" " ind2=" " tag="042"><subfield code="a">nsdp</subfield><subfield code="a">msc</subfield></datafield><datafield ind1="1" ind2="4" tag="050"><subfield code="a">Newspaper</subfield></datafield><datafield ind1="0" ind2=" " tag="130"><subfield code="a">Herald (Sharon, Pa.)</subfield></datafield><datafield ind1=" " ind2="4" tag="222"><subfield code="a">The Herald</subfield><subfield code="b">(Sharon, Pa.)</subfield></datafield><datafield ind1="0" ind2="4" tag="245"><subfield code="a">The herald.</subfield></datafield><datafield ind1=" " ind2=" " tag="260"><subfield code="a">Sharon, Pa. :</subfield><subfield code="b">Sharon Herald Co.,</subfield><subfield code="c">1970-</subfield></datafield><datafield ind1=" " ind2=" " tag="310"><subfield code="a">Daily (except Sunday and holidays)</subfield><subfield code="b">&lt;, June 2, 1982-&gt;</subfield></datafield><datafield ind1="0" ind2=" " tag="362"><subfield code="a">Vol. 61, no. 260 (Feb. 23, 1970)-</subfield></datafield><datafield ind1=" " ind2=" " tag="530"><subfield code="a">Also available on microfilm from Bell and Howell.</subfield></datafield><datafield ind1=" " ind2="0" tag="651"><subfield code="a">Pennsylvania.</subfield></datafield><datafield ind1=" " ind2="7" tag="651"><subfield code="a">Pennsylvania.</subfield><subfield code="2">fast</subfield><subfield code="0">(OCoLC)fst01204598</subfield></datafield><datafield ind1=" " ind2=" " tag="752"><subfield code="a">United States</subfield><subfield code="b">Pennsylvania</subfield><subfield code="c">Mercer</subfield><subfield code="d">Sharon.</subfield></datafield><datafield ind1="0" ind2="8" tag="776"><subfield code="i">Online version:</subfield><subfield code="t">Herald (Sharon, Pa. : Online)</subfield><subfield code="w">(OCoLC)49996131</subfield></datafield><datafield ind1="0" ind2="0" tag="780"><subfield code="t">Sharon herald (Sharon, Pa. : Daily)</subfield><subfield code="w">(DLC)sn 86082023</subfield><subfield code="w">(OCoLC)14816110</subfield></datafield><datafield ind1=" " ind2=" " tag="936"><subfield code="a">June 2, 1982</subfield></datafield></record>